%YAML 1.1
%TAG !u! tag:unity3d.com,2011:
--- !u!1001 &100100000
Prefab:
  m_ObjectHideFlags: 1
  serializedVersion: 2
  m_Modification:
    m_TransformParent: {fileID: 0}
    m_Modifications: []
    m_RemovedComponents: []
  m_ParentPrefab: {fileID: 0}
  m_RootGameObject: {fileID: 1790453860191356773}
  m_IsPrefabParent: 1
--- !u!224 &1790453863932676000
RectTransform:
  m_ObjectHideFlags: 0
  m_PrefabParentObject: {fileID: 0}
  m_PrefabInternal: {fileID: 100100000}
  m_GameObject: {fileID: 1790453860191356773}
  m_LocalRotation: {x: 0, y: 0, z: 0, w: 1}
  m_LocalPosition: {x: 0, y: 0, z: 0}
  m_LocalScale: {x: 0, y: 0, z: 0}
  m_Children:
  - {fileID: 1790453863932675991}
  m_Father: {fileID: 0}
  m_LocalEulerAnglesHint: {x: 0, y: 0, z: 0}
  m_AnchorMin: {x: 0, y: 0}
  m_AnchorMax: {x: 0, y: 0}
  m_AnchoredPosition: {x: 0, y: 0}
  m_SizeDelta: {x: 0, y: 0}
  m_Pivot: {x: 0, y: 0}
--- !u!224 &1790453863932675991
RectTransform:
  m_ObjectHideFlags: 0
  m_PrefabParentObject: {fileID: 0}
  m_PrefabInternal: {fileID: 100100000}
  m_GameObject: {fileID: 1790453860191356778}
  m_LocalRotation: {x: 0, y: 0, z: 0, w: 1}
  m_LocalPosition: {x: 0, y: 0, z: 0}
  m_LocalScale: {x: 1, y: 1, z: 1}
  m_Children:
  - {fileID: 1790453863932675998}
  - {fileID: 1790453863932675987}
  - {fileID: 1790453863932675980}
  - {fileID: 1790453863932675983}
  m_Father: {fileID: 1790453863932676000}
  m_LocalEulerAnglesHint: {x: 0, y: 0, z: 0}
  m_AnchorMin: {x: 0, y: 0}
  m_AnchorMax: {x: 0, y: 0}
  m_AnchoredPosition: {x: 0, y: 0}
  m_SizeDelta: {x: 0, y: 0}
  m_Pivot: {x: 0.5, y: 0.5}
--- !u!224 &1790453863932675980
RectTransform:
  m_ObjectHideFlags: 0
  m_PrefabParentObject: {fileID: 0}
  m_PrefabInternal: {fileID: 100100000}
  m_GameObject: {fileID: 1790453860191356783}
  m_LocalRotation: {x: 0, y: 0, z: 0, w: 1}
  m_LocalPosition: {x: 0, y: 0, z: 0}
  m_LocalScale: {x: 1, y: 1, z: 1}
  m_Children:
  - {fileID: 1790453863932675993}
  m_Father: {fileID: 1790453863932675991}
  m_LocalEulerAnglesHint: {x: 0, y: 0, z: 0}
  m_AnchorMin: {x: 0, y: 0}
  m_AnchorMax: {x: 0, y: 0}
  m_AnchoredPosition: {x: 0, y: 0}
  m_SizeDelta: {x: 0, y: 0}
  m_Pivot: {x: 0.5, y: 0.5}
--- !u!224 &1790453863932675983
RectTransform:
  m_ObjectHideFlags: 0
  m_PrefabParentObject: {fileID: 0}
  m_PrefabInternal: {fileID: 100100000}
  m_GameObject: {fileID: 1790453860191356790}
  m_LocalRotation: {x: 0, y: 0, z: 0, w: 1}
  m_LocalPosition: {x: 0, y: 0, z: 0}
  m_LocalScale: {x: 1, y: 1, z: 1}
  m_Children:
  - {fileID: 1790453863932675990}
  m_Father: {fileID: 1790453863932675991}
  m_LocalEulerAnglesHint: {x: 0, y: 0, z: 0}
  m_AnchorMin: {x: 0, y: 0}
  m_AnchorMax: {x: 0, y: 0}
  m_AnchoredPosition: {x: 0, y: 0}
  m_SizeDelta: {x: 0, y: 0}
  m_Pivot: {x: 0.5, y: 0.5}
--- !u!224 &1790453863932675987
RectTransform:
  m_ObjectHideFlags: 0
  m_PrefabParentObject: {fileID: 0}
  m_PrefabInternal: {fileID: 100100000}
  m_GameObject: {fileID: 1790453860191356784}
  m_LocalRotation: {x: 0, y: 0, z: 0, w: 1}
  m_LocalPosition: {x: 0, y: 0, z: 0}
  m_LocalScale: {x: 1, y: 1, z: 1}
  m_Children:
  - {fileID: 1790453863932675986}
  m_Father: {fileID: 1790453863932675991}
  m_LocalEulerAnglesHint: {x: 0, y: 0, z: 0}
  m_AnchorMin: {x: 0, y: 0}
  m_AnchorMax: {x: 0, y: 0}
  m_AnchoredPosition: {x: 0, y: 0}
  m_SizeDelta: {x: 0, y: 0}
  m_Pivot: {x: 0.5, y: 0.5}
--- !u!224 &1790453863932675998
RectTransform:
  m_ObjectHideFlags: 0
  m_PrefabParentObject: {fileID: 0}
  m_PrefabInternal: {fileID: 100100000}
  m_GameObject: {fileID: 1790453860191356777}
  m_LocalRotation: {x: 0, y: 0, z: 0, w: 1}
  m_LocalPosition: {x: 0, y: 0, z: 0}
  m_LocalScale: {x: 1, y: 1, z: 1}
  m_Children:
  m_Father: {fileID: 1790453863932675991}
  m_LocalEulerAnglesHint: {x: 0, y: 0, z: 0}
  m_AnchorMin: {x: 0, y: 0}
  m_AnchorMax: {x: 0, y: 0}
  m_AnchoredPosition: {x: 0, y: 0}
  m_SizeDelta: {x: 0, y: 0}
  m_Pivot: {x: 0.5, y: 0.5}
--- !u!224 &1790453863932675986
RectTransform:
  m_ObjectHideFlags: 0
  m_PrefabParentObject: {fileID: 0}
  m_PrefabInternal: {fileID: 100100000}
  m_GameObject: {fileID: 1790453860191356772}
  m_LocalRotation: {x: 0, y: 0, z: 0, w: 1}
  m_LocalPosition: {x: 0, y: 0, z: 0}
  m_LocalScale: {x: 1, y: 1, z: 1}
  m_Children:
  - {fileID: 1790453863932675989}
  m_Father: {fileID: 1790453863932675987}
  m_LocalEulerAnglesHint: {x: 0, y: 0, z: 0}
  m_AnchorMin: {x: 0, y: 0}
  m_AnchorMax: {x: 0, y: 0}
  m_AnchoredPosition: {x: 0, y: 0}
  m_SizeDelta: {x: 0, y: 0}
  m_Pivot: {x: 0.5, y: 0.5}
--- !u!224 &1790453863932675990
RectTransform:
  m_ObjectHideFlags: 0
  m_PrefabParentObject: {fileID: 0}
  m_PrefabInternal: {fileID: 100100000}
  m_GameObject: {fileID: 1790453860191356771}
  m_LocalRotation: {x: 0, y: 0, z: 0, w: 1}
  m_LocalPosition: {x: 0, y: 0, z: 0}
  m_LocalScale: {x: 1, y: 1, z: 1}
  m_Children:
  m_Father: {fileID: 1790453863932675983}
  m_LocalEulerAnglesHint: {x: 0, y: 0, z: 0}
  m_AnchorMin: {x: 0, y: 0}
  m_AnchorMax: {x: 1, y: 1}
  m_AnchoredPosition: {x: 0, y: 0}
  m_SizeDelta: {x: 0, y: 0}
  m_Pivot: {x: 0.5, y: 0.5}
--- !u!224 &1790453863932675993
RectTransform:
  m_ObjectHideFlags: 0
  m_PrefabParentObject: {fileID: 0}
  m_PrefabInternal: {fileID: 100100000}
  m_GameObject: {fileID: 1790453860191356775}
  m_LocalRotation: {x: 0, y: 0, z: 0, w: 1}
  m_LocalPosition: {x: 0, y: 0, z: 0}
  m_LocalScale: {x: 1, y: 1, z: 1}
  m_Children:
  m_Father: {fileID: 1790453863932675980}
  m_LocalEulerAnglesHint: {x: 0, y: 0, z: 0}
  m_AnchorMin: {x: 0, y: 0}
  m_AnchorMax: {x: 1, y: 1}
  m_AnchoredPosition: {x: 0, y: 0}
  m_SizeDelta: {x: 0, y: 0}
  m_Pivot: {x: 0.5, y: 0.5}
--- !u!224 &1790453863932675989
RectTransform:
  m_ObjectHideFlags: 0
  m_PrefabParentObject: {fileID: 0}
  m_PrefabInternal: {fileID: 100100000}
  m_GameObject: {fileID: 1790453860191356774}
  m_LocalRotation: {x: 0, y: 0, z: 0, w: 1}
  m_LocalPosition: {x: 0, y: 0, z: 0}
  m_LocalScale: {x: 1, y: 1, z: 1}
  m_Children:
  - {fileID: 1790453863932675982}
  - {fileID: 1790453863932675995}
  - {fileID: 1790453863932675981}
  m_Father: {fileID: 1790453863932675986}
  m_LocalEulerAnglesHint: {x: 0, y: 0, z: 0}
  m_AnchorMin: {x: 0, y: 0}
  m_AnchorMax: {x: 0, y: 0}
  m_AnchoredPosition: {x: 0, y: 0}
  m_SizeDelta: {x: 0, y: 0}
  m_Pivot: {x: 0.5, y: 0.5}
--- !u!224 &1790453863932675981
RectTransform:
  m_ObjectHideFlags: 0
  m_PrefabParentObject: {fileID: 0}
  m_PrefabInternal: {fileID: 100100000}
  m_GameObject: {fileID: 1790453860191356776}
  m_LocalRotation: {x: 0, y: 0, z: 0, w: 1}
  m_LocalPosition: {x: 0, y: 2, z: 0}
  m_LocalScale: {x: 1, y: 1, z: 1}
  m_Children:
  - {fileID: 1790453863932675999}
  - {fileID: 1790453863932675985}
  m_Father: {fileID: 1790453863932675989}
  m_LocalEulerAnglesHint: {x: 0, y: 0, z: 0}
  m_AnchorMin: {x: 0, y: 0}
  m_AnchorMax: {x: 1, y: 0}
  m_AnchoredPosition: {x: 0, y: 2}
  m_SizeDelta: {x: 0, y: 150}
  m_Pivot: {x: 0.5, y: 1}
--- !u!224 &1790453863932675982
RectTransform:
  m_ObjectHideFlags: 0
  m_PrefabParentObject: {fileID: 0}
  m_PrefabInternal: {fileID: 100100000}
  m_GameObject: {fileID: 1790453860191356791}
  m_LocalRotation: {x: 0, y: 0, z: 0, w: 1}
  m_LocalPosition: {x: -7.5, y: -0.5, z: 0}
  m_LocalScale: {x: 1, y: 1, z: 1}
  m_Children:
  m_Father: {fileID: 1790453863932675989}
  m_LocalEulerAnglesHint: {x: 0, y: 0, z: 0}
  m_AnchorMin: {x: 0, y: 0}
  m_AnchorMax: {x: 1, y: 1}
  m_AnchoredPosition: {x: -7.5, y: -0.5}
  m_SizeDelta: {x: -35, y: -13}
  m_Pivot: {x: 0.5, y: 0.5}
--- !u!224 &1790453863932675995
RectTransform:
  m_ObjectHideFlags: 0
  m_PrefabParentObject: {fileID: 0}
  m_PrefabInternal: {fileID: 100100000}
  m_GameObject: {fileID: 1790453860191356792}
  m_LocalRotation: {x: 0, y: 0, z: 0, w: 1}
  m_LocalPosition: {x: -15, y: 0, z: 0}
  m_LocalScale: {x: 1, y: 1, z: 1}
  m_Children:
  m_Father: {fileID: 1790453863932675989}
  m_LocalEulerAnglesHint: {x: 0, y: 0, z: 0}
  m_AnchorMin: {x: 1, y: 0.5}
  m_AnchorMax: {x: 1, y: 0.5}
  m_AnchoredPosition: {x: -15, y: 0}
  m_SizeDelta: {x: 20, y: 20}
  m_Pivot: {x: 0.5, y: 0.5}
--- !u!224 &1790453863932675985
RectTransform:
  m_ObjectHideFlags: 0
  m_PrefabParentObject: {fileID: 0}
  m_PrefabInternal: {fileID: 100100000}
  m_GameObject: {fileID: 1790453860191356781}
  m_LocalRotation: {x: 0, y: 0, z: 0, w: 1}
  m_LocalPosition: {x: 0, y: 0, z: 0}
  m_LocalScale: {x: 1, y: 1, z: 1}
  m_Children:
  - {fileID: 1790453863932676001}
  m_Father: {fileID: 1790453863932675981}
  m_LocalEulerAnglesHint: {x: 0, y: 0, z: 0}
  m_AnchorMin: {x: 1, y: 0}
  m_AnchorMax: {x: 1, y: 1}
  m_AnchoredPosition: {x: 0, y: 0}
  m_SizeDelta: {x: 20, y: 0}
  m_Pivot: {x: 1, y: 1}
--- !u!224 &1790453863932675999
RectTransform:
  m_ObjectHideFlags: 0
  m_PrefabParentObject: {fileID: 0}
  m_PrefabInternal: {fileID: 100100000}
  m_GameObject: {fileID: 1790453860191356785}
  m_LocalRotation: {x: 0, y: 0, z: 0, w: 1}
  m_LocalPosition: {x: 0, y: 0, z: 0}
  m_LocalScale: {x: 1, y: 1, z: 1}
  m_Children:
  - {fileID: 1790453863932675994}
  m_Father: {fileID: 1790453863932675981}
  m_LocalEulerAnglesHint: {x: 0, y: 0, z: 0}
  m_AnchorMin: {x: 0, y: 0}
  m_AnchorMax: {x: 1, y: 1}
  m_AnchoredPosition: {x: 0, y: 0}
  m_SizeDelta: {x: -18, y: 0}
  m_Pivot: {x: 0, y: 1}
--- !u!224 &1790453863932675994
RectTransform:
  m_ObjectHideFlags: 0
  m_PrefabParentObject: {fileID: 0}
  m_PrefabInternal: {fileID: 100100000}
  m_GameObject: {fileID: 1790453860191356780}
  m_LocalRotation: {x: 0, y: 0, z: 0, w: 1}
  m_LocalPosition: {x: -9, y: 0, z: 0}
  m_LocalScale: {x: 1, y: 1, z: 1}
  m_Children:
  - {fileID: 1790453863932675996}
  m_Father: {fileID: 1790453863932675999}
  m_LocalEulerAnglesHint: {x: 0, y: 0, z: 0}
  m_AnchorMin: {x: 0, y: 1}
  m_AnchorMax: {x: 1, y: 1}
  m_AnchoredPosition: {x: 0, y: 0}
  m_SizeDelta: {x: 0, y: 28}
  m_Pivot: {x: 0.5, y: 1}
--- !u!224 &1790453863932676001
RectTransform:
  m_ObjectHideFlags: 0
  m_PrefabParentObject: {fileID: 0}
  m_PrefabInternal: {fileID: 100100000}
  m_GameObject: {fileID: 1790453860191356789}
  m_LocalRotation: {x: 0, y: 0, z: 0, w: 1}
  m_LocalPosition: {x: -10, y: -75, z: 0}
  m_LocalScale: {x: 1, y: 1, z: 1}
  m_Children:
  - {fileID: 1790453863932675984}
  m_Father: {fileID: 1790453863932675985}
  m_LocalEulerAnglesHint: {x: 0, y: 0, z: 0}
  m_AnchorMin: {x: 0, y: 0}
  m_AnchorMax: {x: 1, y: 1}
  m_AnchoredPosition: {x: 0, y: 0}
  m_SizeDelta: {x: -20, y: -20}
  m_Pivot: {x: 0.5, y: 0.5}
--- !u!224 &1790453863932675984
RectTransform:
  m_ObjectHideFlags: 0
  m_PrefabParentObject: {fileID: 0}
  m_PrefabInternal: {fileID: 100100000}
  m_GameObject: {fileID: 1790453860191356788}
  m_LocalRotation: {x: 0, y: 0, z: 0, w: 1}
  m_LocalPosition: {x: 0, y: -52, z: 0}
  m_LocalScale: {x: 1, y: 1, z: 1}
  m_Children:
  m_Father: {fileID: 1790453863932676001}
  m_LocalEulerAnglesHint: {x: 0, y: 0, z: 0}
  m_AnchorMin: {x: 0, y: 0}
  m_AnchorMax: {x: 1, y: 0.2}
  m_AnchoredPosition: {x: 0, y: 0}
  m_SizeDelta: {x: 20, y: 20}
  m_Pivot: {x: 0.5, y: 0.5}
--- !u!224 &1790453863932675996
RectTransform:
  m_ObjectHideFlags: 0
  m_PrefabParentObject: {fileID: 0}
  m_PrefabInternal: {fileID: 100100000}
  m_GameObject: {fileID: 1790453860191356779}
  m_LocalRotation: {x: 0, y: 0, z: 0, w: 1}
  m_LocalPosition: {x: 0, y: -14, z: 0}
  m_LocalScale: {x: 1, y: 1, z: 1}
  m_Children:
  - {fileID: 1790453863932675992}
  - {fileID: 1790453863932675988}
  - {fileID: 1790453863932675997}
  m_Father: {fileID: 1790453863932675994}
  m_LocalEulerAnglesHint: {x: 0, y: 0, z: 0}
  m_AnchorMin: {x: 0, y: 0.5}
  m_AnchorMax: {x: 1, y: 0.5}
  m_AnchoredPosition: {x: 0, y: 0}
  m_SizeDelta: {x: 0, y: 20}
  m_Pivot: {x: 0.5, y: 0.5}
--- !u!224 &1790453863932675988
RectTransform:
  m_ObjectHideFlags: 0
  m_PrefabParentObject: {fileID: 0}
  m_PrefabInternal: {fileID: 100100000}
  m_GameObject: {fileID: 1790453860191356782}
  m_LocalRotation: {x: 0, y: 0, z: 0, w: 1}
  m_LocalPosition: {x: 19, y: 0, z: 0}
  m_LocalScale: {x: 1, y: 1, z: 1}
  m_Children:
  m_Father: {fileID: 1790453863932675996}
  m_LocalEulerAnglesHint: {x: 0, y: 0, z: 0}
  m_AnchorMin: {x: 0, y: 0.5}
  m_AnchorMax: {x: 0, y: 0.5}
  m_AnchoredPosition: {x: 10, y: 0}
  m_SizeDelta: {x: 20, y: 20}
  m_Pivot: {x: 0.5, y: 0.5}
--- !u!224 &1790453863932675992
RectTransform:
  m_ObjectHideFlags: 0
  m_PrefabParentObject: {fileID: 0}
  m_PrefabInternal: {fileID: 100100000}
  m_GameObject: {fileID: 1790453860191356786}
  m_LocalRotation: {x: 0, y: 0, z: 0, w: 1}
  m_LocalPosition: {x: 0, y: 0, z: 0}
  m_LocalScale: {x: 1, y: 1, z: 1}
  m_Children:
  m_Father: {fileID: 1790453863932675996}
  m_LocalEulerAnglesHint: {x: 0, y: 0, z: 0}
  m_AnchorMin: {x: 0, y: 0}
  m_AnchorMax: {x: 1, y: 1}
  m_AnchoredPosition: {x: 0, y: 0}
  m_SizeDelta: {x: 0, y: 0}
  m_Pivot: {x: 0.5, y: 0.5}
--- !u!224 &1790453863932675997
RectTransform:
  m_ObjectHideFlags: 0
  m_PrefabParentObject: {fileID: 0}
  m_PrefabInternal: {fileID: 100100000}
  m_GameObject: {fileID: 1790453860191356787}
  m_LocalRotation: {x: 0, y: 0, z: 0, w: 1}
  m_LocalPosition: {x: 5, y: -0.5, z: 0}
  m_LocalScale: {x: 1, y: 1, z: 1}
  m_Children:
  m_Father: {fileID: 1790453863932675996}
  m_LocalEulerAnglesHint: {x: 0, y: 0, z: 0}
  m_AnchorMin: {x: 0, y: 0}
  m_AnchorMax: {x: 1, y: 1}
  m_AnchoredPosition: {x: 5, y: -0.5}
  m_SizeDelta: {x: -30, y: -3}
  m_Pivot: {x: 0.5, y: 0.5}
--- !u!1 &1790453860191356771
GameObject:
  m_ObjectHideFlags: 0
  m_PrefabParentObject: {fileID: 0}
  m_PrefabInternal: {fileID: 100100000}
  serializedVersion: 5
  m_Component:
  - component: {fileID: 1790453863932675990}
  - component: {fileID: 1790453863899121543}
  - component: {fileID: 1790453862087182255}
  m_Layer: 5
  m_Name: "Text"
  m_TagString:
  m_Icon: {fileID: 0}
  m_NavMeshLayer: 0
  m_StaticEditorFlags: 0
  m_IsActive: 1
--- !u!1 &1790453860191356772
GameObject:
  m_ObjectHideFlags: 0
  m_PrefabParentObject: {fileID: 0}
  m_PrefabInternal: {fileID: 100100000}
  serializedVersion: 5
  m_Component:
  - component: {fileID: 1790453863932675986}
  - component: {fileID: 1790453863899121539}
  - component: {fileID: 1790453862087182261}
  - component: {fileID: 1790453862087182248}
  m_Layer: 5
  m_Name: "Panel3"
  m_TagString:
  m_Icon: {fileID: 0}
  m_NavMeshLayer: 0
  m_StaticEditorFlags: 0
  m_IsActive: 1
--- !u!1 &1790453860191356773
GameObject:
  m_ObjectHideFlags: 0
  m_PrefabParentObject: {fileID: 0}
  m_PrefabInternal: {fileID: 100100000}
  serializedVersion: 5
  m_Component:
  - component: {fileID: 1790453863932676000}
  - component: {fileID: 1790453863915898763}
  - component: {fileID: 1790453862087182252}
  - component: {fileID: 1790453862087182260}
  - component: {fileID: 1790453862087182268}
  m_Layer: 5
  m_Name: "UIFakeStoreCanvas"
  m_TagString:
  m_Icon: {fileID: 0}
  m_NavMeshLayer: 0
  m_StaticEditorFlags: 0
  m_IsActive: 1
--- !u!1 &1790453860191356774
GameObject:
  m_ObjectHideFlags: 0
  m_PrefabParentObject: {fileID: 0}
  m_PrefabInternal: {fileID: 100100000}
  serializedVersion: 5
  m_Component:
  - component: {fileID: 1790453863932675989}
  - component: {fileID: 1790453863899121541}
  - component: {fileID: 1790453862087182270}
  - component: {fileID: 1790453862087182247}
  m_Layer: 5
  m_Name: "Dropdown"
  m_TagString:
  m_Icon: {fileID: 0}
  m_NavMeshLayer: 0
  m_StaticEditorFlags: 0
  m_IsActive: 1
--- !u!1 &1790453860191356775
GameObject:
  m_ObjectHideFlags: 0
  m_PrefabParentObject: {fileID: 0}
  m_PrefabInternal: {fileID: 100100000}
  serializedVersion: 5
  m_Component:
  - component: {fileID: 1790453863932675993}
  - component: {fileID: 1790453863899121542}
  - component: {fileID: 1790453862087182271}
  m_Layer: 5
  m_Name: "Text"
  m_TagString:
  m_Icon: {fileID: 0}
  m_NavMeshLayer: 0
  m_StaticEditorFlags: 0
  m_IsActive: 1
--- !u!1 &1790453860191356776
GameObject:
  m_ObjectHideFlags: 0
  m_PrefabParentObject: {fileID: 0}
  m_PrefabInternal: {fileID: 100100000}
  serializedVersion: 5
  m_Component:
  - component: {fileID: 1790453863932675981}
  - component: {fileID: 1790453863899121529}
  - component: {fileID: 1790453862087182244}
  - component: {fileID: 1790453862087182263}
  m_Layer: 5
  m_Name: "Template"
  m_TagString:
  m_Icon: {fileID: 0}
  m_NavMeshLayer: 0
  m_StaticEditorFlags: 0
  m_IsActive: 0
--- !u!1 &1790453860191356777
GameObject:
  m_ObjectHideFlags: 0
  m_PrefabParentObject: {fileID: 0}
  m_PrefabInternal: {fileID: 100100000}
  serializedVersion: 5
  m_Component:
  - component: {fileID: 1790453863932675998}
  - component: {fileID: 1790453863899121538}
  - component: {fileID: 1790453862087182259}
  m_Layer: 5
  m_Name: "HeaderText"
  m_TagString:
  m_Icon: {fileID: 0}
  m_NavMeshLayer: 0
  m_StaticEditorFlags: 0
  m_IsActive: 1
--- !u!1 &1790453860191356778
GameObject:
  m_ObjectHideFlags: 0
  m_PrefabParentObject: {fileID: 0}
  m_PrefabInternal: {fileID: 100100000}
  serializedVersion: 5
  m_Component:
  - component: {fileID: 1790453863932675991}
  - component: {fileID: 1790453863899121535}
  - component: {fileID: 1790453862087182242}
  - component: {fileID: 1790453862087182254}
  m_Layer: 5
  m_Name: "Panel"
  m_TagString:
  m_Icon: {fileID: 0}
  m_NavMeshLayer: 0
  m_StaticEditorFlags: 0
  m_IsActive: 1
--- !u!1 &1790453860191356779
GameObject:
  m_ObjectHideFlags: 0
  m_PrefabParentObject: {fileID: 0}
  m_PrefabInternal: {fileID: 100100000}
  serializedVersion: 5
  m_Component:
  - component: {fileID: 1790453863932675996}
  - component: {fileID: 1790453862087182243}
  m_Layer: 5
  m_Name: "Item"
  m_TagString:
  m_Icon: {fileID: 0}
  m_NavMeshLayer: 0
  m_StaticEditorFlags: 0
  m_IsActive: 1
--- !u!1 &1790453860191356780
GameObject:
  m_ObjectHideFlags: 0
  m_PrefabParentObject: {fileID: 0}
  m_PrefabInternal: {fileID: 100100000}
  serializedVersion: 5
  m_Component:
  - component: {fileID: 1790453863932675994}
  m_Layer: 5
  m_Name: "Content"
  m_TagString:
  m_Icon: {fileID: 0}
  m_NavMeshLayer: 0
  m_StaticEditorFlags: 0
  m_IsActive: 1
--- !u!1 &1790453860191356781
GameObject:
  m_ObjectHideFlags: 0
  m_PrefabParentObject: {fileID: 0}
  m_PrefabInternal: {fileID: 100100000}
  serializedVersion: 5
  m_Component:
  - component: {fileID: 1790453863932675985}
  - component: {fileID: 1790453863899121540}
  - component: {fileID: 1790453862087182246}
  - component: {fileID: 1790453862087182251}
  m_Layer: 5
  m_Name: "Scrollbar"
  m_TagString:
  m_Icon: {fileID: 0}
  m_NavMeshLayer: 0
  m_StaticEditorFlags: 0
  m_IsActive: 1
--- !u!1 &1790453860191356782
GameObject:
  m_ObjectHideFlags: 0
  m_PrefabParentObject: {fileID: 0}
  m_PrefabInternal: {fileID: 100100000}
  serializedVersion: 5
  m_Component:
  - component: {fileID: 1790453863932675988}
  - component: {fileID: 1790453863899121536}
  - component: {fileID: 1790453862087182258}
  m_Layer: 5
  m_Name: "Item Checkmark"
  m_TagString:
  m_Icon: {fileID: 0}
  m_NavMeshLayer: 0
  m_StaticEditorFlags: 0
  m_IsActive: 1
--- !u!1 &1790453860191356783
GameObject:
  m_ObjectHideFlags: 0
  m_PrefabParentObject: {fileID: 0}
  m_PrefabInternal: {fileID: 100100000}
  serializedVersion: 5
  m_Component:
  - component: {fileID: 1790453863932675980}
  - component: {fileID: 1790453863899121534}
  - component: {fileID: 1790453862087182272}
  - component: {fileID: 1790453862087182269}
  m_Layer: 5
  m_Name: "Button1"
  m_TagString:
  m_Icon: {fileID: 0}
  m_NavMeshLayer: 0
  m_StaticEditorFlags: 0
  m_IsActive: 1
--- !u!1 &1790453860191356784
GameObject:
  m_ObjectHideFlags: 0
  m_PrefabParentObject: {fileID: 0}
  m_PrefabInternal: {fileID: 100100000}
  serializedVersion: 5
  m_Component:
  - component: {fileID: 1790453863932675987}
  - component: {fileID: 1790453863899121531}
  - component: {fileID: 1790453862087182256}
  - component: {fileID: 1790453862087182265}
  m_Layer: 5
  m_Name: "Panel2"
  m_TagString:
  m_Icon: {fileID: 0}
  m_NavMeshLayer: 0
  m_StaticEditorFlags: 0
  m_IsActive: 1
--- !u!1 &1790453860191356785
GameObject:
  m_ObjectHideFlags: 0
  m_PrefabParentObject: {fileID: 0}
  m_PrefabInternal: {fileID: 100100000}
  serializedVersion: 5
  m_Component:
  - component: {fileID: 1790453863932675999}
  - component: {fileID: 1790453862087182249}
  - component: {fileID: 1790453863899121537}
  - component: {fileID: 1790453862087182267}
  m_Layer: 5
  m_Name: "Viewport"
  m_TagString:
  m_Icon: {fileID: 0}
  m_NavMeshLayer: 0
  m_StaticEditorFlags: 0
  m_IsActive: 1
--- !u!1 &1790453860191356786
GameObject:
  m_ObjectHideFlags: 0
  m_PrefabParentObject: {fileID: 0}
  m_PrefabInternal: {fileID: 100100000}
  serializedVersion: 5
  m_Component:
  - component: {fileID: 1790453863932675992}
  - component: {fileID: 1790453863899121544}
  - component: {fileID: 1790453862087182266}
  m_Layer: 5
  m_Name: "Item Background"
  m_TagString:
  m_Icon: {fileID: 0}
  m_NavMeshLayer: 0
  m_StaticEditorFlags: 0
  m_IsActive: 1
--- !u!1 &1790453860191356787
GameObject:
  m_ObjectHideFlags: 0
  m_PrefabParentObject: {fileID: 0}
  m_PrefabInternal: {fileID: 100100000}
  serializedVersion: 5
  m_Component:
  - component: {fileID: 1790453863932675997}
  - component: {fileID: 1790453863899121546}
  - component: {fileID: 1790453862087182245}
  m_Layer: 5
  m_Name: "Item Label"
  m_TagString:
  m_Icon: {fileID: 0}
  m_NavMeshLayer: 0
  m_StaticEditorFlags: 0
  m_IsActive: 1
--- !u!1 &1790453860191356788
GameObject:
  m_ObjectHideFlags: 0
  m_PrefabParentObject: {fileID: 0}
  m_PrefabInternal: {fileID: 100100000}
  serializedVersion: 5
  m_Component:
  - component: {fileID: 1790453863932675984}
  - component: {fileID: 1790453863899121545}
  - component: {fileID: 1790453862087182257}
  m_Layer: 5
  m_Name: "Handle"
  m_TagString:
  m_Icon: {fileID: 0}
  m_NavMeshLayer: 0
  m_StaticEditorFlags: 0
  m_IsActive: 1
--- !u!1 &1790453860191356789
GameObject:
  m_ObjectHideFlags: 0
  m_PrefabParentObject: {fileID: 0}
  m_PrefabInternal: {fileID: 100100000}
  serializedVersion: 5
  m_Component:
  - component: {fileID: 1790453863932676001}
  m_Layer: 5
  m_Name: "Sliding Area"
  m_TagString:
  m_Icon: {fileID: 0}
  m_NavMeshLayer: 0
  m_StaticEditorFlags: 0
  m_IsActive: 1
--- !u!1 &1790453860191356790
GameObject:
  m_ObjectHideFlags: 0
  m_PrefabParentObject: {fileID: 0}
  m_PrefabInternal: {fileID: 100100000}
  serializedVersion: 5
  m_Component:
  - component: {fileID: 1790453863932675983}
  - component: {fileID: 1790453863899121533}
  - component: {fileID: 1790453862087182253}
  - component: {fileID: 1790453862087182250}
  m_Layer: 5
  m_Name: "Button2"
  m_TagString:
  m_Icon: {fileID: 0}
  m_NavMeshLayer: 0
  m_StaticEditorFlags: 0
  m_IsActive: 1
--- !u!1 &1790453860191356791
GameObject:
  m_ObjectHideFlags: 0
  m_PrefabParentObject: {fileID: 0}
  m_PrefabInternal: {fileID: 100100000}
  serializedVersion: 5
  m_Component:
  - component: {fileID: 1790453863932675982}
  - component: {fileID: 1790453863899121530}
  - component: {fileID: 1790453862087182262}
  m_Layer: 5
  m_Name: "Label"
  m_TagString:
  m_Icon: {fileID: 0}
  m_NavMeshLayer: 0
  m_StaticEditorFlags: 0
  m_IsActive: 1
--- !u!1 &1790453860191356792
GameObject:
  m_ObjectHideFlags: 0
  m_PrefabParentObject: {fileID: 0}
  m_PrefabInternal: {fileID: 100100000}
  serializedVersion: 5
  m_Component:
  - component: {fileID: 1790453863932675995}
  - component: {fileID: 1790453863899121532}
  - component: {fileID: 1790453862087182264}
  m_Layer: 5
  m_Name: "Arrow"
  m_TagString:
  m_Icon: {fileID: 0}
  m_NavMeshLayer: 0
  m_StaticEditorFlags: 0
  m_IsActive: 1
--- !u!222 &1790453863899121529
CanvasRenderer:
  m_ObjectHideFlags: 0
  m_PrefabParentObject: {fileID: 0}
  m_PrefabInternal: {fileID: 100100000}
  m_GameObject: {fileID: 1790453860191356776}
  m_Enabled: 1
  serializedVersion: 3
  m_RenderMode: 0
  m_Camera: 
  m_PlaneDistance: 100
  m_PixelPerfect: 0
  m_ReceivesEvents: 1
  m_OverrideSorting: 0
  m_OverridePixelPerfect: 0
  m_SortingBucketNormalizedSize: 0
  m_AdditionalShaderChannelsFlag: 25
  m_SortingLayerID: 0
  m_SortingOrder: 0
  m_TargetDisplay: 0
--- !u!222 &1790453863899121530
CanvasRenderer:
  m_ObjectHideFlags: 0
  m_PrefabParentObject: {fileID: 0}
  m_PrefabInternal: {fileID: 100100000}
  m_GameObject: {fileID: 1790453860191356791}
  m_Enabled: 1
  serializedVersion: 3
  m_RenderMode: 0
  m_Camera: 
  m_PlaneDistance: 100
  m_PixelPerfect: 0
  m_ReceivesEvents: 1
  m_OverrideSorting: 0
  m_OverridePixelPerfect: 0
  m_SortingBucketNormalizedSize: 0
  m_AdditionalShaderChannelsFlag: 25
  m_SortingLayerID: 0
  m_SortingOrder: 0
  m_TargetDisplay: 0
--- !u!222 &1790453863899121531
CanvasRenderer:
  m_ObjectHideFlags: 0
  m_PrefabParentObject: {fileID: 0}
  m_PrefabInternal: {fileID: 100100000}
  m_GameObject: {fileID: 1790453860191356784}
  m_Enabled: 1
  serializedVersion: 3
  m_RenderMode: 0
  m_Camera: 
  m_PlaneDistance: 100
  m_PixelPerfect: 0
  m_ReceivesEvents: 1
  m_OverrideSorting: 0
  m_OverridePixelPerfect: 0
  m_SortingBucketNormalizedSize: 0
  m_AdditionalShaderChannelsFlag: 25
  m_SortingLayerID: 0
  m_SortingOrder: 0
  m_TargetDisplay: 0
--- !u!222 &1790453863899121532
CanvasRenderer:
  m_ObjectHideFlags: 0
  m_PrefabParentObject: {fileID: 0}
  m_PrefabInternal: {fileID: 100100000}
  m_GameObject: {fileID: 1790453860191356792}
  m_Enabled: 1
  serializedVersion: 3
  m_RenderMode: 0
  m_Camera: 
  m_PlaneDistance: 100
  m_PixelPerfect: 0
  m_ReceivesEvents: 1
  m_OverrideSorting: 0
  m_OverridePixelPerfect: 0
  m_SortingBucketNormalizedSize: 0
  m_AdditionalShaderChannelsFlag: 25
  m_SortingLayerID: 0
  m_SortingOrder: 0
  m_TargetDisplay: 0
--- !u!222 &1790453863899121533
CanvasRenderer:
  m_ObjectHideFlags: 0
  m_PrefabParentObject: {fileID: 0}
  m_PrefabInternal: {fileID: 100100000}
  m_GameObject: {fileID: 1790453860191356790}
  m_Enabled: 1
  serializedVersion: 3
  m_RenderMode: 0
  m_Camera: 
  m_PlaneDistance: 100
  m_PixelPerfect: 0
  m_ReceivesEvents: 1
  m_OverrideSorting: 0
  m_OverridePixelPerfect: 0
  m_SortingBucketNormalizedSize: 0
  m_AdditionalShaderChannelsFlag: 25
  m_SortingLayerID: 0
  m_SortingOrder: 0
  m_TargetDisplay: 0
--- !u!222 &1790453863899121534
CanvasRenderer:
  m_ObjectHideFlags: 0
  m_PrefabParentObject: {fileID: 0}
  m_PrefabInternal: {fileID: 100100000}
  m_GameObject: {fileID: 1790453860191356783}
  m_Enabled: 1
  serializedVersion: 3
  m_RenderMode: 0
  m_Camera: 
  m_PlaneDistance: 100
  m_PixelPerfect: 0
  m_ReceivesEvents: 1
  m_OverrideSorting: 0
  m_OverridePixelPerfect: 0
  m_SortingBucketNormalizedSize: 0
  m_AdditionalShaderChannelsFlag: 25
  m_SortingLayerID: 0
  m_SortingOrder: 0
  m_TargetDisplay: 0
--- !u!222 &1790453863899121535
CanvasRenderer:
  m_ObjectHideFlags: 0
  m_PrefabParentObject: {fileID: 0}
  m_PrefabInternal: {fileID: 100100000}
  m_GameObject: {fileID: 1790453860191356778}
  m_Enabled: 1
  serializedVersion: 3
  m_RenderMode: 0
  m_Camera: 
  m_PlaneDistance: 100
  m_PixelPerfect: 0
  m_ReceivesEvents: 1
  m_OverrideSorting: 0
  m_OverridePixelPerfect: 0
  m_SortingBucketNormalizedSize: 0
  m_AdditionalShaderChannelsFlag: 25
  m_SortingLayerID: 0
  m_SortingOrder: 0
  m_TargetDisplay: 0
--- !u!222 &1790453863899121536
CanvasRenderer:
  m_ObjectHideFlags: 0
  m_PrefabParentObject: {fileID: 0}
  m_PrefabInternal: {fileID: 100100000}
  m_GameObject: {fileID: 1790453860191356782}
  m_Enabled: 1
  serializedVersion: 3
  m_RenderMode: 0
  m_Camera: 
  m_PlaneDistance: 100
  m_PixelPerfect: 0
  m_ReceivesEvents: 1
  m_OverrideSorting: 0
  m_OverridePixelPerfect: 0
  m_SortingBucketNormalizedSize: 0
  m_AdditionalShaderChannelsFlag: 25
  m_SortingLayerID: 0
  m_SortingOrder: 0
  m_TargetDisplay: 0
--- !u!222 &1790453863899121537
CanvasRenderer:
  m_ObjectHideFlags: 0
  m_PrefabParentObject: {fileID: 0}
  m_PrefabInternal: {fileID: 100100000}
  m_GameObject: {fileID: 1790453860191356785}
  m_Enabled: 1
  serializedVersion: 3
  m_RenderMode: 0
  m_Camera: 
  m_PlaneDistance: 100
  m_PixelPerfect: 0
  m_ReceivesEvents: 1
  m_OverrideSorting: 0
  m_OverridePixelPerfect: 0
  m_SortingBucketNormalizedSize: 0
  m_AdditionalShaderChannelsFlag: 25
  m_SortingLayerID: 0
  m_SortingOrder: 0
  m_TargetDisplay: 0
--- !u!222 &1790453863899121538
CanvasRenderer:
  m_ObjectHideFlags: 0
  m_PrefabParentObject: {fileID: 0}
  m_PrefabInternal: {fileID: 100100000}
  m_GameObject: {fileID: 1790453860191356777}
  m_Enabled: 1
  serializedVersion: 3
  m_RenderMode: 0
  m_Camera: 
  m_PlaneDistance: 100
  m_PixelPerfect: 0
  m_ReceivesEvents: 1
  m_OverrideSorting: 0
  m_OverridePixelPerfect: 0
  m_SortingBucketNormalizedSize: 0
  m_AdditionalShaderChannelsFlag: 25
  m_SortingLayerID: 0
  m_SortingOrder: 0
  m_TargetDisplay: 0
--- !u!222 &1790453863899121539
CanvasRenderer:
  m_ObjectHideFlags: 0
  m_PrefabParentObject: {fileID: 0}
  m_PrefabInternal: {fileID: 100100000}
  m_GameObject: {fileID: 1790453860191356772}
  m_Enabled: 1
  serializedVersion: 3
  m_RenderMode: 0
  m_Camera: 
  m_PlaneDistance: 100
  m_PixelPerfect: 0
  m_ReceivesEvents: 1
  m_OverrideSorting: 0
  m_OverridePixelPerfect: 0
  m_SortingBucketNormalizedSize: 0
  m_AdditionalShaderChannelsFlag: 25
  m_SortingLayerID: 0
  m_SortingOrder: 0
  m_TargetDisplay: 0
--- !u!222 &1790453863899121540
CanvasRenderer:
  m_ObjectHideFlags: 0
  m_PrefabParentObject: {fileID: 0}
  m_PrefabInternal: {fileID: 100100000}
  m_GameObject: {fileID: 1790453860191356781}
  m_Enabled: 1
  serializedVersion: 3
  m_RenderMode: 0
  m_Camera: 
  m_PlaneDistance: 100
  m_PixelPerfect: 0
  m_ReceivesEvents: 1
  m_OverrideSorting: 0
  m_OverridePixelPerfect: 0
  m_SortingBucketNormalizedSize: 0
  m_AdditionalShaderChannelsFlag: 25
  m_SortingLayerID: 0
  m_SortingOrder: 0
  m_TargetDisplay: 0
--- !u!222 &1790453863899121541
CanvasRenderer:
  m_ObjectHideFlags: 0
  m_PrefabParentObject: {fileID: 0}
  m_PrefabInternal: {fileID: 100100000}
  m_GameObject: {fileID: 1790453860191356774}
  m_Enabled: 1
  serializedVersion: 3
  m_RenderMode: 0
  m_Camera: 
  m_PlaneDistance: 100
  m_PixelPerfect: 0
  m_ReceivesEvents: 1
  m_OverrideSorting: 0
  m_OverridePixelPerfect: 0
  m_SortingBucketNormalizedSize: 0
  m_AdditionalShaderChannelsFlag: 25
  m_SortingLayerID: 0
  m_SortingOrder: 0
  m_TargetDisplay: 0
--- !u!222 &1790453863899121542
CanvasRenderer:
  m_ObjectHideFlags: 0
  m_PrefabParentObject: {fileID: 0}
  m_PrefabInternal: {fileID: 100100000}
  m_GameObject: {fileID: 1790453860191356775}
  m_Enabled: 1
  serializedVersion: 3
  m_RenderMode: 0
  m_Camera: 
  m_PlaneDistance: 100
  m_PixelPerfect: 0
  m_ReceivesEvents: 1
  m_OverrideSorting: 0
  m_OverridePixelPerfect: 0
  m_SortingBucketNormalizedSize: 0
  m_AdditionalShaderChannelsFlag: 25
  m_SortingLayerID: 0
  m_SortingOrder: 0
  m_TargetDisplay: 0
--- !u!222 &1790453863899121543
CanvasRenderer:
  m_ObjectHideFlags: 0
  m_PrefabParentObject: {fileID: 0}
  m_PrefabInternal: {fileID: 100100000}
  m_GameObject: {fileID: 1790453860191356771}
  m_Enabled: 1
  serializedVersion: 3
  m_RenderMode: 0
  m_Camera: 
  m_PlaneDistance: 100
  m_PixelPerfect: 0
  m_ReceivesEvents: 1
  m_OverrideSorting: 0
  m_OverridePixelPerfect: 0
  m_SortingBucketNormalizedSize: 0
  m_AdditionalShaderChannelsFlag: 25
  m_SortingLayerID: 0
  m_SortingOrder: 0
  m_TargetDisplay: 0
--- !u!222 &1790453863899121544
CanvasRenderer:
  m_ObjectHideFlags: 0
  m_PrefabParentObject: {fileID: 0}
  m_PrefabInternal: {fileID: 100100000}
  m_GameObject: {fileID: 1790453860191356786}
  m_Enabled: 1
  serializedVersion: 3
  m_RenderMode: 0
  m_Camera: 
  m_PlaneDistance: 100
  m_PixelPerfect: 0
  m_ReceivesEvents: 1
  m_OverrideSorting: 0
  m_OverridePixelPerfect: 0
  m_SortingBucketNormalizedSize: 0
  m_AdditionalShaderChannelsFlag: 25
  m_SortingLayerID: 0
  m_SortingOrder: 0
  m_TargetDisplay: 0
--- !u!222 &1790453863899121545
CanvasRenderer:
  m_ObjectHideFlags: 0
  m_PrefabParentObject: {fileID: 0}
  m_PrefabInternal: {fileID: 100100000}
  m_GameObject: {fileID: 1790453860191356788}
  m_Enabled: 1
  serializedVersion: 3
  m_RenderMode: 0
  m_Camera: 
  m_PlaneDistance: 100
  m_PixelPerfect: 0
  m_ReceivesEvents: 1
  m_OverrideSorting: 0
  m_OverridePixelPerfect: 0
  m_SortingBucketNormalizedSize: 0
  m_AdditionalShaderChannelsFlag: 25
  m_SortingLayerID: 0
  m_SortingOrder: 0
  m_TargetDisplay: 0
--- !u!222 &1790453863899121546
CanvasRenderer:
  m_ObjectHideFlags: 0
  m_PrefabParentObject: {fileID: 0}
  m_PrefabInternal: {fileID: 100100000}
  m_GameObject: {fileID: 1790453860191356787}
  m_Enabled: 1
  serializedVersion: 3
  m_RenderMode: 0
  m_Camera: 
  m_PlaneDistance: 100
  m_PixelPerfect: 0
  m_ReceivesEvents: 1
  m_OverrideSorting: 0
  m_OverridePixelPerfect: 0
  m_SortingBucketNormalizedSize: 0
  m_AdditionalShaderChannelsFlag: 25
  m_SortingLayerID: 0
  m_SortingOrder: 0
  m_TargetDisplay: 0
--- !u!223 &1790453863915898763
Canvas:
  m_ObjectHideFlags: 0
  m_PrefabParentObject: {fileID: 0}
  m_PrefabInternal: {fileID: 100100000}
  m_GameObject: {fileID: 1790453860191356773}
  m_Enabled: 1
  m_RenderMode: 0
  m_Camera: {fileID: 0}
  m_PlaneDistance: 100
  m_PixelPerfect: 0
  m_ReceivesEvents: 1
  m_OverrideSorting: 0
  m_OverridePixelPerfect: 0
  m_SortingBucketNormalizedSize: 0
  m_AdditionalShaderChannelsFlag: 25
  m_SortingLayerID: 0
  m_SortingOrder: 1
  m_TargetDisplay: 0
--- !u!114 &1790453862087182242
MonoBehaviour:
  m_ObjectHideFlags: 0
  m_PrefabParentObject: {fileID: 0}
  m_PrefabInternal: {fileID: 100100000}
  m_GameObject: {fileID: 1790453860191356778}
  m_Enabled: 1
  m_EditorHideFlags: 0
  m_Script: {fileID: -765806418, guid: f70555f144d8491a825f0804e09c671c, type: 3}
  m_Name: 
  m_EditorClassIdentifier: 
  m_Material: {fileID: 0}
  m_Color: {r: 1, g: 1, b: 1, a: 1}
  m_RaycastTarget: 1
  m_OnCullStateChanged:
    m_PersistentCalls:
      m_Calls: []
    m_TypeName: "UnityEngine.UI.MaskableGraphic+CullStateChangedEvent, UnityEngine.UI,
    Version=1.0.0.0, Culture=neutral, PublicKeyToken=null"
  m_Sprite: {fileID: 21300000, guid: d914fe4e1aeb4ea393875b80cf878ef4, type: 3}
  m_Type: 1
  m_PreserveAspect: 0
  m_FillCenter: 1
  m_FillMethod: 4
  m_FillAmount: 1
  m_FillClockwise: 1
  m_FillOrigin: 0
--- !u!114 &1790453862087182243
MonoBehaviour:
  m_ObjectHideFlags: 0
  m_PrefabParentObject: {fileID: 0}
  m_PrefabInternal: {fileID: 100100000}
  m_GameObject: {fileID: 1790453860191356779}
  m_Enabled: 1
  m_EditorHideFlags: 0
  m_Script: {fileID: 2109663825, guid: f70555f144d8491a825f0804e09c671c, type: 3}
  m_Name: 
  m_EditorClassIdentifier: 
  m_Navigation:
    m_Mode: 3
    m_SelectOnUp: {fileID: 0}
    m_SelectOnDown: {fileID: 0}
    m_SelectOnLeft: {fileID: 0}
    m_SelectOnRight: {fileID: 0}
  m_Transition: 1
  m_Colors:
    m_NormalColor: {r: 1, g: 1, b: 1, a: 1}
    m_HighlightedColor: {r: 0.9607843, g: 0.9607843, b: 0.9607843, a: 1}
    m_PressedColor: {r: 0.7843137, g: 0.7843137, b: 0.7843137, a: 1}
    m_DisabledColor: {r: 0.7843137, g: 0.7843137, b: 0.7843137, a: 0.5019608}
    m_ColorMultiplier: 1
    m_FadeDuration: 0.1
  m_SpriteState:
    m_HighlightedSprite: {fileID: 0}
    m_PressedSprite: {fileID: 0}
    m_DisabledSprite: {fileID: 0}
  m_AnimationTriggers:
    m_NormalTrigger: "Normal"
    m_HighlightedTrigger: "Highlighted"
    m_PressedTrigger: "Pressed"
    m_DisabledTrigger: "Disabled"
  m_Interactable: 1
  m_TargetGraphic: {fileID: 1790453862087182266}
  toggleTransition: 1
  graphic: {fileID: 1790453862087182258}
  m_Group: {fileID: 0}
  onValueChanged:
    m_PersistentCalls:
      m_Calls: []
    m_TypeName: "UnityEngine.UI.Toggle+ToggleEvent, UnityEngine.UI, Version=1.0.0.0,
    Culture=neutral, PublicKeyToken=null"
  m_IsOn: 1
--- !u!114 &1790453862087182244
MonoBehaviour:
  m_ObjectHideFlags: 0
  m_PrefabParentObject: {fileID: 0}
  m_PrefabInternal: {fileID: 100100000}
  m_GameObject: {fileID: 1790453860191356776}
  m_Enabled: 1
  m_EditorHideFlags: 0
  m_Script: {fileID: -765806418, guid: f70555f144d8491a825f0804e09c671c, type: 3}
  m_Name: 
  m_EditorClassIdentifier: 
  m_Material: {fileID: 0}
  m_Color: {r: 1, g: 1, b: 1, a: 1}
  m_RaycastTarget: 1
  m_OnCullStateChanged:
    m_PersistentCalls:
      m_Calls: []
    m_TypeName: "UnityEngine.UI.MaskableGraphic+CullStateChangedEvent, UnityEngine.UI,
    Version=1.0.0.0, Culture=neutral, PublicKeyToken=null"
  m_Sprite: {fileID: 21300000, guid: 2028c7ce59eb4fa6a778fd572a476470, type: 3}
  m_Type: 1
  m_PreserveAspect: 0
  m_FillCenter: 1
  m_FillMethod: 4
  m_FillAmount: 1
  m_FillClockwise: 1
  m_FillOrigin: 0
--- !u!114 &1790453862087182245
MonoBehaviour:
  m_ObjectHideFlags: 0
  m_PrefabParentObject: {fileID: 0}
  m_PrefabInternal: {fileID: 100100000}
  m_GameObject: {fileID: 1790453860191356787}
  m_Enabled: 1
  m_EditorHideFlags: 0
  m_Script: {fileID: 708705254, guid: f70555f144d8491a825f0804e09c671c, type: 3}
  m_Name: 
  m_EditorClassIdentifier: 
  m_Material: {fileID: 0}
  m_Color: {r: 0.1960784, g: 0.1960784, b: 0.1960784, a: 1}
  m_RaycastTarget: 1
  m_OnCullStateChanged:
    m_PersistentCalls:
      m_Calls: []
    m_TypeName: "UnityEngine.UI.MaskableGraphic+CullStateChangedEvent, UnityEngine.UI,
    Version=1.0.0.0, Culture=neutral, PublicKeyToken=null"
  m_FontData:
    m_Font: {fileID: 10102, guid: 0000000000000000e000000000000000, type: 0}
    m_FontSize: 14
    m_FontStyle: 0
    m_BestFit: 0
    m_MinSize: 10
    m_MaxSize: 40
    m_Alignment: 3
    m_AlignByGeometry: 0
    m_RichText: 1
    m_HorizontalOverflow: 0
    m_VerticalOverflow: 0
    m_LineSpacing: 1
  m_Text: "Option A"
--- !u!114 &1790453862087182246
MonoBehaviour:
  m_ObjectHideFlags: 0
  m_PrefabParentObject: {fileID: 0}
  m_PrefabInternal: {fileID: 100100000}
  m_GameObject: {fileID: 1790453860191356781}
  m_Enabled: 1
  m_EditorHideFlags: 0
  m_Script: {fileID: -765806418, guid: f70555f144d8491a825f0804e09c671c, type: 3}
  m_Name: 
  m_EditorClassIdentifier: 
  m_Material: {fileID: 0}
  m_Color: {r: 1, g: 1, b: 1, a: 1}
  m_RaycastTarget: 1
  m_OnCullStateChanged:
    m_PersistentCalls:
      m_Calls: []
    m_TypeName: "UnityEngine.UI.MaskableGraphic+CullStateChangedEvent, UnityEngine.UI,
    Version=1.0.0.0, Culture=neutral, PublicKeyToken=null"
  m_Sprite: {fileID: 21300000, guid: d914fe4e1aeb4ea393875b80cf878ef4, type: 3}
  m_Type: 1
  m_PreserveAspect: 0
  m_FillCenter: 1
  m_FillMethod: 4
  m_FillAmount: 1
  m_FillClockwise: 1
  m_FillOrigin: 0
--- !u!114 &1790453862087182247
MonoBehaviour:
  m_ObjectHideFlags: 0
  m_PrefabParentObject: {fileID: 0}
  m_PrefabInternal: {fileID: 100100000}
  m_GameObject: {fileID: 1790453860191356774}
  m_Enabled: 1
  m_EditorHideFlags: 0
  m_Script: {fileID: 853051423, guid: f70555f144d8491a825f0804e09c671c, type: 3}
  m_Name: 
  m_EditorClassIdentifier: 
  m_Navigation:
    m_Mode: 3
    m_SelectOnUp: {fileID: 0}
    m_SelectOnDown: {fileID: 0}
    m_SelectOnLeft: {fileID: 0}
    m_SelectOnRight: {fileID: 0}
  m_Transition: 1
  m_Colors:
    m_NormalColor: {r: 1, g: 1, b: 1, a: 1}
    m_HighlightedColor: {r: 0.9607843, g: 0.9607843, b: 0.9607843, a: 1}
    m_PressedColor: {r: 0.7843137, g: 0.7843137, b: 0.7843137, a: 1}
    m_DisabledColor: {r: 0.7843137, g: 0.7843137, b: 0.7843137, a: 0.5019608}
    m_ColorMultiplier: 1
    m_FadeDuration: 0.1
  m_SpriteState:
    m_HighlightedSprite: {fileID: 0}
    m_PressedSprite: {fileID: 0}
    m_DisabledSprite: {fileID: 0}
  m_AnimationTriggers:
    m_NormalTrigger: "Normal"
    m_HighlightedTrigger: "Highlighted"
    m_PressedTrigger: "Pressed"
    m_DisabledTrigger: "Disabled"
  m_Interactable: 1
  m_TargetGraphic: {fileID: 1790453862087182270}
  m_Template: {fileID: 1790453863932675981}
  m_CaptionText: {fileID: 1790453862087182262}
  m_CaptionImage: {fileID: 0}
  m_ItemText: {fileID: 1790453862087182245}
  m_ItemImage: {fileID: 0}
  m_Value: 0
  m_Options:
    m_Options:
    - m_Text: "Option A"
      m_Image: {fileID: 0}
    - m_Text: "Option B"
      m_Image: {fileID: 0}
    - m_Text: "Option C"
      m_Image: {fileID: 0}
  m_OnValueChanged:
    m_PersistentCalls:
      m_Calls: []
    m_TypeName: "UnityEngine.UI.Dropdown+DropdownEvent, UnityEngine.UI, Version=1.0.0.0,
    Culture=neutral, PublicKeyToken=null"
--- !u!114 &1790453862087182248
MonoBehaviour:
  m_ObjectHideFlags: 0
  m_PrefabParentObject: {fileID: 0}
  m_PrefabInternal: {fileID: 100100000}
  m_GameObject: {fileID: 1790453860191356772}
  m_Enabled: 1
  m_EditorHideFlags: 0
  m_Script: {fileID: 1297475563, guid: f70555f144d8491a825f0804e09c671c, type: 3}
  m_Name: 
  m_EditorClassIdentifier: 
  m_Padding:
    m_Left: 0
    m_Right: 0
    m_Top: 0
    m_Bottom: 0
  m_ChildAlignment: 0
  m_Spacing: 0
  m_ChildForceExpandWidth: 1
  m_ChildForceExpandHeight: 1
  m_ChildControlWidth: 1
  m_ChildControlHeight: 1
--- !u!114 &1790453862087182249
MonoBehaviour:
  m_ObjectHideFlags: 0
  m_PrefabParentObject: {fileID: 0}
  m_PrefabInternal: {fileID: 100100000}
  m_GameObject: {fileID: 1790453860191356785}
  m_Enabled: 1
  m_EditorHideFlags: 0
  m_Script: {fileID: -1200242548, guid: f70555f144d8491a825f0804e09c671c, type: 3}
  m_Name: 
  m_EditorClassIdentifier: 
  m_ShowMaskGraphic: 0
--- !u!114 &1790453862087182250
MonoBehaviour:
  m_ObjectHideFlags: 0
  m_PrefabParentObject: {fileID: 0}
  m_PrefabInternal: {fileID: 100100000}
  m_GameObject: {fileID: 1790453860191356790}
  m_Enabled: 1
  m_EditorHideFlags: 0
  m_Script: {fileID: 1392445389, guid: f70555f144d8491a825f0804e09c671c, type: 3}
  m_Name: 
  m_EditorClassIdentifier: 
  m_Navigation:
    m_Mode: 3
    m_SelectOnUp: {fileID: 0}
    m_SelectOnDown: {fileID: 0}
    m_SelectOnLeft: {fileID: 0}
    m_SelectOnRight: {fileID: 0}
  m_Transition: 1
  m_Colors:
    m_NormalColor: {r: 1, g: 1, b: 1, a: 1}
    m_HighlightedColor: {r: 0.9607843, g: 0.9607843, b: 0.9607843, a: 1}
    m_PressedColor: {r: 0.7843137, g: 0.7843137, b: 0.7843137, a: 1}
    m_DisabledColor: {r: 0.7843137, g: 0.7843137, b: 0.7843137, a: 0.5019608}
    m_ColorMultiplier: 1
    m_FadeDuration: 0.1
  m_SpriteState:
    m_HighlightedSprite: {fileID: 0}
    m_PressedSprite: {fileID: 0}
    m_DisabledSprite: {fileID: 0}
  m_AnimationTriggers:
    m_NormalTrigger: "Normal"
    m_HighlightedTrigger: "Highlighted"
    m_PressedTrigger: "Pressed"
    m_DisabledTrigger: "Disabled"
  m_Interactable: 1
  m_TargetGraphic: {fileID: 1790453862087182253}
  m_OnClick:
    m_PersistentCalls:
      m_Calls: []
    m_TypeName: "UnityEngine.UI.Button+ButtonClickedEvent, UnityEngine.UI, Version=1.0.0.0,
    Culture=neutral, PublicKeyToken=null"
--- !u!114 &1790453862087182251
MonoBehaviour:
  m_ObjectHideFlags: 0
  m_PrefabParentObject: {fileID: 0}
  m_PrefabInternal: {fileID: 100100000}
  m_GameObject: {fileID: 1790453860191356781}
  m_Enabled: 1
  m_EditorHideFlags: 0
  m_Script: {fileID: -2061169968, guid: f70555f144d8491a825f0804e09c671c, type: 3}
  m_Name: 
  m_EditorClassIdentifier: 
  m_Navigation:
    m_Mode: 3
    m_SelectOnUp: {fileID: 0}
    m_SelectOnDown: {fileID: 0}
    m_SelectOnLeft: {fileID: 0}
    m_SelectOnRight: {fileID: 0}
  m_Transition: 1
  m_Colors:
    m_NormalColor: {r: 1, g: 1, b: 1, a: 1}
    m_HighlightedColor: {r: 0.9607843, g: 0.9607843, b: 0.9607843, a: 1}
    m_PressedColor: {r: 0.7843137, g: 0.7843137, b: 0.7843137, a: 1}
    m_DisabledColor: {r: 0.7843137, g: 0.7843137, b: 0.7843137, a: 0.5019608}
    m_ColorMultiplier: 1
    m_FadeDuration: 0.1
  m_SpriteState:
    m_HighlightedSprite: {fileID: 0}
    m_PressedSprite: {fileID: 0}
    m_DisabledSprite: {fileID: 0}
  m_AnimationTriggers:
    m_NormalTrigger: "Normal"
    m_HighlightedTrigger: "Highlighted"
    m_PressedTrigger: "Pressed"
    m_DisabledTrigger: "Disabled"
  m_Interactable: 1
  m_TargetGraphic: {fileID: 1790453862087182257}
  m_HandleRect: {fileID: 1790453863932675984}
  m_Direction: 2
  m_Value: 0
  m_Size: 0.2
  m_NumberOfSteps: 0
  m_OnValueChanged:
    m_PersistentCalls:
      m_Calls: []
    m_TypeName: "UnityEngine.UI.Scrollbar+ScrollEvent, UnityEngine.UI, Version=1.0.0.0,
    Culture=neutral, PublicKeyToken=null"
--- !u!114 &1790453862087182252
MonoBehaviour:
  m_ObjectHideFlags: 0
  m_PrefabParentObject: {fileID: 0}
  m_PrefabInternal: {fileID: 100100000}
  m_GameObject: {fileID: 1790453860191356773}
  m_Enabled: 1
  m_EditorHideFlags: 0
  m_Script: {fileID: 1980459831, guid: f70555f144d8491a825f0804e09c671c, type: 3}
  m_Name: 
  m_EditorClassIdentifier: 
  m_UiScaleMode: 1
  m_ReferencePixelsPerUnit: 150
  m_ScaleFactor: 1
  m_ReferenceResolution: {x: 400, y: 500}
  m_ScreenMatchMode: 1
  m_MatchWidthOrHeight: 0
  m_PhysicalUnit: 3
  m_FallbackScreenDPI: 96
  m_DefaultSpriteDPI: 96
  m_DynamicPixelsPerUnit: 1
--- !u!114 &1790453862087182253
MonoBehaviour:
  m_ObjectHideFlags: 0
  m_PrefabParentObject: {fileID: 0}
  m_PrefabInternal: {fileID: 100100000}
  m_GameObject: {fileID: 1790453860191356790}
  m_Enabled: 1
  m_EditorHideFlags: 0
  m_Script: {fileID: -765806418, guid: f70555f144d8491a825f0804e09c671c, type: 3}
  m_Name: 
  m_EditorClassIdentifier: 
  m_Material: {fileID: 0}
  m_Color: {r: 1, g: 1, b: 1, a: 1}
  m_RaycastTarget: 1
  m_OnCullStateChanged:
    m_PersistentCalls:
      m_Calls: []
    m_TypeName: "UnityEngine.UI.MaskableGraphic+CullStateChangedEvent, UnityEngine.UI,
    Version=1.0.0.0, Culture=neutral, PublicKeyToken=null"
  m_Sprite: {fileID: 21300000, guid: 2028c7ce59eb4fa6a778fd572a476470, type: 3}
  m_Type: 1
  m_PreserveAspect: 0
  m_FillCenter: 1
  m_FillMethod: 4
  m_FillAmount: 1
  m_FillClockwise: 1
  m_FillOrigin: 0
--- !u!114 &1790453862087182254
MonoBehaviour:
  m_ObjectHideFlags: 0
  m_PrefabParentObject: {fileID: 0}
  m_PrefabInternal: {fileID: 100100000}
  m_GameObject: {fileID: 1790453860191356778}
  m_Enabled: 1
  m_EditorHideFlags: 0
  m_Script: {fileID: 1297475563, guid: f70555f144d8491a825f0804e09c671c, type: 3}
  m_Name: 
  m_EditorClassIdentifier: 
  m_Padding:
    m_Left: 7.006492E-45
    m_Right: 7.006492E-45
    m_Top: 7.006492E-45
    m_Bottom: 7.006492E-45
  m_ChildAlignment: 0
  m_Spacing: 5
  m_ChildForceExpandWidth: 1
  m_ChildForceExpandHeight: 1
  m_ChildControlWidth: 1
  m_ChildControlHeight: 1
--- !u!114 &1790453862087182255
MonoBehaviour:
  m_ObjectHideFlags: 0
  m_PrefabParentObject: {fileID: 0}
  m_PrefabInternal: {fileID: 100100000}
  m_GameObject: {fileID: 1790453860191356771}
  m_Enabled: 1
  m_EditorHideFlags: 0
  m_Script: {fileID: 708705254, guid: f70555f144d8491a825f0804e09c671c, type: 3}
  m_Name: 
  m_EditorClassIdentifier: 
  m_Material: {fileID: 0}
  m_Color: {r: 0.1960784, g: 0.1960784, b: 0.1960784, a: 1}
  m_RaycastTarget: 1
  m_OnCullStateChanged:
    m_PersistentCalls:
      m_Calls: []
    m_TypeName: "UnityEngine.UI.MaskableGraphic+CullStateChangedEvent, UnityEngine.UI,
    Version=1.0.0.0, Culture=neutral, PublicKeyToken=null"
  m_FontData:
    m_Font: {fileID: 10102, guid: 0000000000000000e000000000000000, type: 0}
    m_FontSize: 14
    m_FontStyle: 0
    m_BestFit: 0
    m_MinSize: 10
    m_MaxSize: 40
    m_Alignment: 4
    m_AlignByGeometry: 0
    m_RichText: 1
    m_HorizontalOverflow: 0
    m_VerticalOverflow: 0
    m_LineSpacing: 1
  m_Text: "Button"
--- !u!114 &1790453862087182256
MonoBehaviour:
  m_ObjectHideFlags: 0
  m_PrefabParentObject: {fileID: 0}
  m_PrefabInternal: {fileID: 100100000}
  m_GameObject: {fileID: 1790453860191356784}
  m_Enabled: 1
  m_EditorHideFlags: 0
  m_Script: {fileID: -765806418, guid: f70555f144d8491a825f0804e09c671c, type: 3}
  m_Name: 
  m_EditorClassIdentifier: 
  m_Material: {fileID: 0}
  m_Color: {r: 0, g: 0, b: 0, a: 0.392}
  m_RaycastTarget: 1
  m_OnCullStateChanged:
    m_PersistentCalls:
      m_Calls: []
    m_TypeName: "UnityEngine.UI.MaskableGraphic+CullStateChangedEvent, UnityEngine.UI,
    Version=1.0.0.0, Culture=neutral, PublicKeyToken=null"
  m_Sprite: {fileID: 21300000, guid: d914fe4e1aeb4ea393875b80cf878ef4, type: 3}
  m_Type: 1
  m_PreserveAspect: 0
  m_FillCenter: 1
  m_FillMethod: 4
  m_FillAmount: 1
  m_FillClockwise: 1
  m_FillOrigin: 0
--- !u!114 &1790453862087182257
MonoBehaviour:
  m_ObjectHideFlags: 0
  m_PrefabParentObject: {fileID: 0}
  m_PrefabInternal: {fileID: 100100000}
  m_GameObject: {fileID: 1790453860191356788}
  m_Enabled: 1
  m_EditorHideFlags: 0
  m_Script: {fileID: -765806418, guid: f70555f144d8491a825f0804e09c671c, type: 3}
  m_Name: 
  m_EditorClassIdentifier: 
  m_Material: {fileID: 0}
  m_Color: {r: 1, g: 1, b: 1, a: 1}
  m_RaycastTarget: 1
  m_OnCullStateChanged:
    m_PersistentCalls:
      m_Calls: []
    m_TypeName: "UnityEngine.UI.MaskableGraphic+CullStateChangedEvent, UnityEngine.UI,
    Version=1.0.0.0, Culture=neutral, PublicKeyToken=null"
  m_Sprite: {fileID: 21300000, guid: 2028c7ce59eb4fa6a778fd572a476470, type: 3}
  m_Type: 1
  m_PreserveAspect: 0
  m_FillCenter: 1
  m_FillMethod: 4
  m_FillAmount: 1
  m_FillClockwise: 1
  m_FillOrigin: 0
--- !u!114 &1790453862087182258
MonoBehaviour:
  m_ObjectHideFlags: 0
  m_PrefabParentObject: {fileID: 0}
  m_PrefabInternal: {fileID: 100100000}
  m_GameObject: {fileID: 1790453860191356782}
  m_Enabled: 1
  m_EditorHideFlags: 0
  m_Script: {fileID: -765806418, guid: f70555f144d8491a825f0804e09c671c, type: 3}
  m_Name: 
  m_EditorClassIdentifier: 
  m_Material: {fileID: 0}
  m_Color: {r: 1, g: 1, b: 1, a: 1}
  m_RaycastTarget: 1
  m_OnCullStateChanged:
    m_PersistentCalls:
      m_Calls: []
    m_TypeName: "UnityEngine.UI.MaskableGraphic+CullStateChangedEvent, UnityEngine.UI,
    Version=1.0.0.0, Culture=neutral, PublicKeyToken=null"
  m_Sprite: {fileID: 21300000, guid: a1a82ea3cb3a428d93009e2bb3ef0fbb, type: 3}
  m_Type: 0
  m_PreserveAspect: 0
  m_FillCenter: 1
  m_FillMethod: 4
  m_FillAmount: 1
  m_FillClockwise: 1
  m_FillOrigin: 0
--- !u!114 &1790453862087182259
MonoBehaviour:
  m_ObjectHideFlags: 0
  m_PrefabParentObject: {fileID: 0}
  m_PrefabInternal: {fileID: 100100000}
  m_GameObject: {fileID: 1790453860191356777}
  m_Enabled: 1
  m_EditorHideFlags: 0
  m_Script: {fileID: 708705254, guid: f70555f144d8491a825f0804e09c671c, type: 3}
  m_Name: 
  m_EditorClassIdentifier: 
  m_Material: {fileID: 0}
  m_Color: {r: 0, g: 0, b: 0, a: 1}
  m_RaycastTarget: 1
  m_OnCullStateChanged:
    m_PersistentCalls:
      m_Calls: []
    m_TypeName: "UnityEngine.UI.MaskableGraphic+CullStateChangedEvent, UnityEngine.UI,
    Version=1.0.0.0, Culture=neutral, PublicKeyToken=null"
  m_FontData:
    m_Font: {fileID: 10102, guid: 0000000000000000e000000000000000, type: 0}
    m_FontSize: 14
    m_FontStyle: 0
    m_BestFit: 0
    m_MinSize: 10
    m_MaxSize: 40
    m_Alignment: 4
    m_AlignByGeometry: 0
    m_RichText: 1
    m_HorizontalOverflow: 0
    m_VerticalOverflow: 0
    m_LineSpacing: 1
  m_Text: "New Text"
--- !u!114 &1790453862087182260
MonoBehaviour:
  m_ObjectHideFlags: 0
  m_PrefabParentObject: {fileID: 0}
  m_PrefabInternal: {fileID: 100100000}
  m_GameObject: {fileID: 1790453860191356773}
  m_Enabled: 1
  m_EditorHideFlags: 0
  m_Script: {fileID: 1301386320, guid: f70555f144d8491a825f0804e09c671c, type: 3}
  m_Name: 
  m_EditorClassIdentifier: 
  m_IgnoreReversedGraphics: 1
  m_BlockingObjects: 0
  m_BlockingMask:
    serializedVersion: 2
    m_Bits: 4294967295
--- !u!114 &1790453862087182261
MonoBehaviour:
  m_ObjectHideFlags: 0
  m_PrefabParentObject: {fileID: 0}
  m_PrefabInternal: {fileID: 100100000}
  m_GameObject: {fileID: 1790453860191356772}
  m_Enabled: 1
  m_EditorHideFlags: 0
  m_Script: {fileID: -765806418, guid: f70555f144d8491a825f0804e09c671c, type: 3}
  m_Name: 
  m_EditorClassIdentifier: 
  m_Material: {fileID: 0}
  m_Color: {r: 1, g: 1, b: 1, a: 0.392}
  m_RaycastTarget: 1
  m_OnCullStateChanged:
    m_PersistentCalls:
      m_Calls: []
    m_TypeName: "UnityEngine.UI.MaskableGraphic+CullStateChangedEvent, UnityEngine.UI,
    Version=1.0.0.0, Culture=neutral, PublicKeyToken=null"
  m_Sprite: {fileID: 21300000, guid: d914fe4e1aeb4ea393875b80cf878ef4, type: 3}
  m_Type: 1
  m_PreserveAspect: 0
  m_FillCenter: 1
  m_FillMethod: 4
  m_FillAmount: 1
  m_FillClockwise: 1
  m_FillOrigin: 0
--- !u!114 &1790453862087182262
MonoBehaviour:
  m_ObjectHideFlags: 0
  m_PrefabParentObject: {fileID: 0}
  m_PrefabInternal: {fileID: 100100000}
  m_GameObject: {fileID: 1790453860191356791}
  m_Enabled: 1
  m_EditorHideFlags: 0
  m_Script: {fileID: 708705254, guid: f70555f144d8491a825f0804e09c671c, type: 3}
  m_Name: 
  m_EditorClassIdentifier: 
  m_Material: {fileID: 0}
  m_Color: {r: 0.1960784, g: 0.1960784, b: 0.1960784, a: 1}
  m_RaycastTarget: 1
  m_OnCullStateChanged:
    m_PersistentCalls:
      m_Calls: []
    m_TypeName: "UnityEngine.UI.MaskableGraphic+CullStateChangedEvent, UnityEngine.UI,
    Version=1.0.0.0, Culture=neutral, PublicKeyToken=null"
  m_FontData:
    m_Font: {fileID: 10102, guid: 0000000000000000e000000000000000, type: 0}
    m_FontSize: 14
    m_FontStyle: 2
    m_BestFit: 0
    m_MinSize: 10
    m_MaxSize: 40
    m_Alignment: 3
    m_AlignByGeometry: 0
    m_RichText: 1
    m_HorizontalOverflow: 0
    m_VerticalOverflow: 0
    m_LineSpacing: 1
  m_Text: "Option A"
--- !u!114 &1790453862087182263
MonoBehaviour:
  m_ObjectHideFlags: 0
  m_PrefabParentObject: {fileID: 0}
  m_PrefabInternal: {fileID: 100100000}
  m_GameObject: {fileID: 1790453860191356776}
  m_Enabled: 1
  m_EditorHideFlags: 0
  m_Script: {fileID: 1367256648, guid: f70555f144d8491a825f0804e09c671c, type: 3}
  m_Name: 
  m_EditorClassIdentifier: 
  m_Content: {fileID: 1790453863932675994}
  m_Horizontal: 0
  m_Vertical: 1
  m_MovementType: 2
  m_Elasticity: 0.1
  m_Inertia: 1
  m_DecelerationRate: 0.135
  m_ScrollSensitivity: 1
  m_Viewport: {fileID: 1790453863932675999}
  m_HorizontalScrollbar: {fileID: 0}
  m_VerticalScrollbar: {fileID: 1790453862087182251}
  m_HorizontalScrollbarVisibility: 0
  m_VerticalScrollbarVisibility: 2
  m_HorizontalScrollbarSpacing: 0
  m_VerticalScrollbarSpacing: -3
  m_OnValueChanged:
    m_PersistentCalls:
      m_Calls: []
    m_TypeName: "UnityEngine.UI.ScrollRect+ScrollRectEvent, UnityEngine.UI, Version=1.0.0.0,
    Culture=neutral, PublicKeyToken=null"
--- !u!114 &1790453862087182264
MonoBehaviour:
  m_ObjectHideFlags: 0
  m_PrefabParentObject: {fileID: 0}
  m_PrefabInternal: {fileID: 100100000}
  m_GameObject: {fileID: 1790453860191356792}
  m_Enabled: 1
  m_EditorHideFlags: 0
  m_Script: {fileID: -765806418, guid: f70555f144d8491a825f0804e09c671c, type: 3}
  m_Name: 
  m_EditorClassIdentifier: 
  m_Material: {fileID: 0}
  m_Color: {r: 1, g: 1, b: 1, a: 1}
  m_RaycastTarget: 1
  m_OnCullStateChanged:
    m_PersistentCalls:
      m_Calls: []
    m_TypeName: "UnityEngine.UI.MaskableGraphic+CullStateChangedEvent, UnityEngine.UI,
    Version=1.0.0.0, Culture=neutral, PublicKeyToken=null"
  m_Sprite: {fileID: 21300000, guid: e11d77f252ba46898115d8718a526beb, type: 3}
  m_Type: 0
  m_PreserveAspect: 0
  m_FillCenter: 1
  m_FillMethod: 4
  m_FillAmount: 1
  m_FillClockwise: 1
  m_FillOrigin: 0
--- !u!114 &1790453862087182265
MonoBehaviour:
  m_ObjectHideFlags: 0
  m_PrefabParentObject: {fileID: 0}
  m_PrefabInternal: {fileID: 100100000}
  m_GameObject: {fileID: 1790453860191356784}
  m_Enabled: 1
  m_EditorHideFlags: 0
  m_Script: {fileID: 1297475563, guid: f70555f144d8491a825f0804e09c671c, type: 3}
  m_Name: 
  m_EditorClassIdentifier: 
  m_Padding:
    m_Left: 0
    m_Right: 0
    m_Top: 0
    m_Bottom: 0
  m_ChildAlignment: 0
  m_Spacing: 0
  m_ChildForceExpandWidth: 1
  m_ChildForceExpandHeight: 1
  m_ChildControlWidth: 1
  m_ChildControlHeight: 1
--- !u!114 &1790453862087182266
MonoBehaviour:
  m_ObjectHideFlags: 0
  m_PrefabParentObject: {fileID: 0}
  m_PrefabInternal: {fileID: 100100000}
  m_GameObject: {fileID: 1790453860191356786}
  m_Enabled: 1
  m_EditorHideFlags: 0
  m_Script: {fileID: -765806418, guid: f70555f144d8491a825f0804e09c671c, type: 3}
  m_Name: 
  m_EditorClassIdentifier: 
  m_Material: {fileID: 0}
  m_Color: {r: 0.9607843, g: 0.9607843, b: 0.9607843, a: 1}
  m_RaycastTarget: 1
  m_OnCullStateChanged:
    m_PersistentCalls:
      m_Calls: []
    m_TypeName: "UnityEngine.UI.MaskableGraphic+CullStateChangedEvent, UnityEngine.UI,
    Version=1.0.0.0, Culture=neutral, PublicKeyToken=null"
  m_Sprite: {fileID: 0}
  m_Type: 0
  m_PreserveAspect: 0
  m_FillCenter: 1
  m_FillMethod: 4
  m_FillAmount: 1
  m_FillClockwise: 1
  m_FillOrigin: 0
--- !u!114 &1790453862087182267
MonoBehaviour:
  m_ObjectHideFlags: 0
  m_PrefabParentObject: {fileID: 0}
  m_PrefabInternal: {fileID: 100100000}
  m_GameObject: {fileID: 1790453860191356785}
  m_Enabled: 1
  m_EditorHideFlags: 0
  m_Script: {fileID: -765806418, guid: f70555f144d8491a825f0804e09c671c, type: 3}
  m_Name: 
  m_EditorClassIdentifier: 
  m_Material: {fileID: 0}
  m_Color: {r: 1, g: 1, b: 1, a: 1}
  m_RaycastTarget: 1
  m_OnCullStateChanged:
    m_PersistentCalls:
      m_Calls: []
    m_TypeName: "UnityEngine.UI.MaskableGraphic+CullStateChangedEvent, UnityEngine.UI,
    Version=1.0.0.0, Culture=neutral, PublicKeyToken=null"
  m_Sprite: {fileID: 21300000, guid: 80b8977f4ac44123b177a57696be7338, type: 3}
  m_Type: 1
  m_PreserveAspect: 0
  m_FillCenter: 1
  m_FillMethod: 4
  m_FillAmount: 1
  m_FillClockwise: 1
  m_FillOrigin: 0
--- !u!114 &1790453862087182268
MonoBehaviour:
  m_ObjectHideFlags: 0
  m_PrefabParentObject: {fileID: 0}
  m_PrefabInternal: {fileID: 100100000}
  m_GameObject: {fileID: 1790453860191356773}
  m_Enabled: 1
  m_EditorHideFlags: 0
  m_Script: {fileID: -405508275, guid: f70555f144d8491a825f0804e09c671c, type: 3}
  m_Name: 
  m_EditorClassIdentifier: 
  m_Padding:
    m_Left: 7.006492E-44
    m_Right: 7.006492E-44
    m_Top: 7.006492E-44
    m_Bottom: 7.006492E-44
  m_ChildAlignment: 0
  m_Spacing: 0
  m_ChildForceExpandWidth: 0
  m_ChildForceExpandHeight: 0
  m_ChildControlWidth: 1
  m_ChildControlHeight: 1
--- !u!114 &1790453862087182269
MonoBehaviour:
  m_ObjectHideFlags: 0
  m_PrefabParentObject: {fileID: 0}
  m_PrefabInternal: {fileID: 100100000}
  m_GameObject: {fileID: 1790453860191356783}
  m_Enabled: 1
  m_EditorHideFlags: 0
  m_Script: {fileID: 1392445389, guid: f70555f144d8491a825f0804e09c671c, type: 3}
  m_Name: 
  m_EditorClassIdentifier: 
  m_Navigation:
    m_Mode: 3
    m_SelectOnUp: {fileID: 0}
    m_SelectOnDown: {fileID: 0}
    m_SelectOnLeft: {fileID: 0}
    m_SelectOnRight: {fileID: 0}
  m_Transition: 1
  m_Colors:
    m_NormalColor: {r: 1, g: 1, b: 1, a: 1}
    m_HighlightedColor: {r: 0.9607843, g: 0.9607843, b: 0.9607843, a: 1}
    m_PressedColor: {r: 0.7843137, g: 0.7843137, b: 0.7843137, a: 1}
    m_DisabledColor: {r: 0.7843137, g: 0.7843137, b: 0.7843137, a: 0.5019608}
    m_ColorMultiplier: 1
    m_FadeDuration: 0.1
  m_SpriteState:
    m_HighlightedSprite: {fileID: 0}
    m_PressedSprite: {fileID: 0}
    m_DisabledSprite: {fileID: 0}
  m_AnimationTriggers:
    m_NormalTrigger: "Normal"
    m_HighlightedTrigger: "Highlighted"
    m_PressedTrigger: "Pressed"
    m_DisabledTrigger: "Disabled"
  m_Interactable: 1
  m_TargetGraphic: {fileID: 1790453862087182272}
  m_OnClick:
    m_PersistentCalls:
      m_Calls: []
    m_TypeName: "UnityEngine.UI.Button+ButtonClickedEvent, UnityEngine.UI, Version=1.0.0.0,
    Culture=neutral, PublicKeyToken=null"
--- !u!114 &1790453862087182270
MonoBehaviour:
  m_ObjectHideFlags: 0
  m_PrefabParentObject: {fileID: 0}
  m_PrefabInternal: {fileID: 100100000}
  m_GameObject: {fileID: 1790453860191356774}
  m_Enabled: 1
  m_EditorHideFlags: 0
  m_Script: {fileID: -765806418, guid: f70555f144d8491a825f0804e09c671c, type: 3}
  m_Name: 
  m_EditorClassIdentifier: 
  m_Material: {fileID: 0}
  m_Color: {r: 1, g: 1, b: 1, a: 1}
  m_RaycastTarget: 1
  m_OnCullStateChanged:
    m_PersistentCalls:
      m_Calls: []
    m_TypeName: "UnityEngine.UI.MaskableGraphic+CullStateChangedEvent, UnityEngine.UI,
    Version=1.0.0.0, Culture=neutral, PublicKeyToken=null"
  m_Sprite: {fileID: 21300000, guid: 2028c7ce59eb4fa6a778fd572a476470, type: 3}
  m_Type: 1
  m_PreserveAspect: 0
  m_FillCenter: 1
  m_FillMethod: 4
  m_FillAmount: 1
  m_FillClockwise: 1
  m_FillOrigin: 0
--- !u!114 &1790453862087182271
MonoBehaviour:
  m_ObjectHideFlags: 0
  m_PrefabParentObject: {fileID: 0}
  m_PrefabInternal: {fileID: 100100000}
  m_GameObject: {fileID: 1790453860191356775}
  m_Enabled: 1
  m_EditorHideFlags: 0
  m_Script: {fileID: 708705254, guid: f70555f144d8491a825f0804e09c671c, type: 3}
  m_Name: 
  m_EditorClassIdentifier: 
  m_Material: {fileID: 0}
  m_Color: {r: 0.1960784, g: 0.1960784, b: 0.1960784, a: 1}
  m_RaycastTarget: 1
  m_OnCullStateChanged:
    m_PersistentCalls:
      m_Calls: []
    m_TypeName: "UnityEngine.UI.MaskableGraphic+CullStateChangedEvent, UnityEngine.UI,
    Version=1.0.0.0, Culture=neutral, PublicKeyToken=null"
  m_FontData:
    m_Font: {fileID: 10102, guid: 0000000000000000e000000000000000, type: 0}
    m_FontSize: 14
    m_FontStyle: 0
    m_BestFit: 0
    m_MinSize: 10
    m_MaxSize: 40
    m_Alignment: 4
    m_AlignByGeometry: 0
    m_RichText: 1
    m_HorizontalOverflow: 0
    m_VerticalOverflow: 0
    m_LineSpacing: 1
  m_Text: "Button"
--- !u!114 &1790453862087182272
MonoBehaviour:
  m_ObjectHideFlags: 0
  m_PrefabParentObject: {fileID: 0}
  m_PrefabInternal: {fileID: 100100000}
  m_GameObject: {fileID: 1790453860191356783}
  m_Enabled: 1
  m_EditorHideFlags: 0
  m_Script: {fileID: -765806418, guid: f70555f144d8491a825f0804e09c671c, type: 3}
  m_Name: 
  m_EditorClassIdentifier: 
  m_Material: {fileID: 0}
  m_Color: {r: 1, g: 1, b: 1, a: 1}
  m_RaycastTarget: 1
  m_OnCullStateChanged:
    m_PersistentCalls:
      m_Calls: []
    m_TypeName: "UnityEngine.UI.MaskableGraphic+CullStateChangedEvent, UnityEngine.UI,
    Version=1.0.0.0, Culture=neutral, PublicKeyToken=null"
  m_Sprite: {fileID: 21300000, guid: 2028c7ce59eb4fa6a778fd572a476470, type: 3}
  m_Type: 1
  m_PreserveAspect: 0
  m_FillCenter: 1
  m_FillMethod: 4
  m_FillAmount: 1
  m_FillClockwise: 1
  m_FillOrigin: 0
